#
# (pdf)latex document_name(use "\ll" map key in vim with latex-suit)
# biblatex   document_name(.aux)
# (pdf)latex document_name
# (pdf)latex document_name
#

@article{L06,
  title     = "CHINESE TEMP TITLE",
  author    = "AUTHOR1",
  publisher = "PUBLISHER",
  year      = 9999,
  volume    = 99,
  number    = 9,
  pages     = "1-999"
}

@article{L02,
  title     = "Location-based services and GIS in perspective",
  author    = "AUTHOR2",
  publisher = "PUBLISHER",
  year      = 9999,
  volume    = 99,
  number    = 9,
  pages     = "1-999"
}

@article{L01,
  title     = "Location based services using geographical information systems",
  author    = "AUTHOR3",
  publisher = "PUBLISHER",
  year      = 9999,
  volume    = 99,
  number    = 9,
  pages     = "1-999"
}

@article{L07,
  title     = "CHINESE TEMP TITLE 2",
  author    = "AUTHOR4",
  publisher = "PUBLISHER",
  year      = 9999,
  volume    = 99,
  number    = 9,
  pages     = "1-999"
}

@article{L13,
  title     = "Ubiquitous Location Based Service",
  author    = "AUTHOR5",
  publisher = "PUBLISHER",
  year      = 9999,
  volume    = 99,
  number    = 9,
  pages     = "1-999"
}

@book{B02,
  title     = "CHINESE TEMP TITLE 3",
  author    = "AUTHOR6",
  publisher = "PUBLISHER",
  ISBN      = "X-X1-999XXX-X",
  year      = 9999
}

@book{iOSLIB,
  title     = "iOS Developer Lib",
  author    = "AUTHOR7",
  publisher = "PUBLISHER",
  ISBN      = "X-X1-999XXX-X",
  year      = 9999,
}

@book{WIKI,
  title     = "CHINESE TEMP TITLE 4",
  author    = "AUTHOR8",
  publisher = "PUBLISHER",
  ISBN      = "X-X1-999XXX-X",
  year      = 9999
}

@book{Cocoa,
  title     = "Cocoa",
  author    = "AUTHOR9",
  publisher = "PUBLISHER",
  ISBN      = "X-X1-999XXX-X",
  year      = 9999,
}

@article{N01,
  title     = "CHINESE TEMP TITLE 5",
  author    = "AUTHOR11",
  publisher = "PUBLISHER",
  year      = 9999,
  volume    = 99,
  number    = 9,
  pages     = "1-999"
}

@article{N02,
  title     = "CHINESE TEMP TITLE 6",
  author    = "AUTHOR12",
  publisher = "PUBLISHER",
  year      = 9999,
  volume    = 99,
  number    = 9,
  pages     = "1-999"
}

@book{AWS,
  title     = "CHINESE TEMP TITLE 7",
  author    = "AUTHOR13",
  publisher = "PUBLISHER",
  ISBN      = "X-X1-999XXX-X",
  year      = 9999
}

@article{N07,
  title     = "CHINESE TEMP TITLE 8",
  author    = "AUTHOR14",
  publisher = "PUBLISHER",
  year      = 9999,
  volume    = 99,
  number    = 9,
  pages     = "1-999"
}

@article{N06,
  title     = "CHINESE TEMP TITLE 9",
  author    = "AUTHOR15",
  publisher = "PUBLISHER",
  year      = 9999,
  volume    = 99,
  number    = 9,
  pages     = "1-999"
}

@book{B03,
  title     = "AppStore",
  author    = "AUTHOR10",
  publisher = "PUBLISHER",
  ISBN      = "X-X1-999XXX-X",
  year      = 9999,
}

@book{B05,
  title     = "CHINESE TEMP TITLE 13",
  author    = "AUTHOR19",
  publisher = "PUBLISHER",
  ISBN      = "X-X1-999XXX-X",
  year      = 9999
}

@article{N08,
  title     = "CHINESE TEMP TITLE 10",
  author    = "AUTHOR16",
  publisher = "PUBLISHER",
  year      = 9999,
  volume    = 99,
  number    = 9,
  pages     = "1-999"
}

@article{N03,
  title     = "CHINESE TEMP TITLE 11",
  author    = "AUTHOR17",
  publisher = "PUBLISHER",
  year      = 9999,
  volume    = 99,
  number    = 9,
  pages     = "1-999"
}

@article{N04,
  title     = "CHINESE TEMP TITLE 12",
  author    = "AUTHOR18",
  publisher = "PUBLISHER",
  year      = 9999,
  volume    = 99,
  number    = 9,
  pages     = "1-999"
}

@book{B06,
  title     = "CHINESE TEMP TITLE 14",
  author    = "AUTHOR20",
  publisher = "PUBLISHER",
  ISBN      = "X-X1-999XXX-X",
  year      = 9999
}

@book{B07,
  title     = "CHINESE TEMP TITLE 15",
  author    = "AUTHOR21",
  publisher = "PUBLISHER",
  ISBN      = "X-X1-999XXX-X",
  year      = 9999
}

@article{N05,
  title     = "CHINESE TEMP TITLE 16",
  author    = "AUTHOR22",
  publisher = "PUBLISHER",
  year      = 9999,
  volume    = 99,
  number    = 9,
  pages     = "1-999"
}

