#
# (pdf)latex document_name(use "\ll" map key in vim with latex-suit)
# biblatex	 document_name(.aux)
# (pdf)latex document_name
# (pdf)latex document_name
#

@article{LimWen,
	title		= "Web services: An analysis of the technology, its benefits, and implementation difficulties",
	author		= "Lim B, Wen HJ",
	publisher	= "Auerbach Publications, USA",
	year		= 2003,
	volume		= 20,
	number		= 2,
	pages		= "49-57"
}

@book{ScottBenRomin,
	title		= "Professional Java Web Services",
	author		= "Scott Cable, Ben Galbraith, Romin Irani",
	publisher	= "Wrox Press Inc.",
	ISBN		= "1-861-00375-7",
	year		= 2002
}

@book{DavidKurtChris,
	title		= "Beginning XML",
	author		= "David Hunter, Kurt Cagle, Chris Dix",
	publisher	= "Wrox Press Inc.",
	ISBN		= "0-764-54394-6"
}

@techreport{TR1,
	title		= "SOAP Version 1.2 Working Draft",
	url			= "http://www.w3.org/TR/soap12"
}

@techreport{TR2,
	title		= "Web Services Description Language (WSDL) 1.1",
	url			= "http://www.w3.org/TR/wsdl"
}

@manual{OpenLS,
	title		= "OpenLS Directory Service Specification",
	author		= "Open GIS Consortium Inc.",
	year		= 2002
}

@manual{OpenLS2,
	title		= "OpenLS Location Utility Service",
	author		= "Open GIS Consortium Inc.",
	year		= 2002
}

@manual{OpenLS3,
	title		= "OpenLS Presentation Service",
	author		= "Open GIS Consortium Inc.",
	year		= 2002
}

@book{PGKyleAndre,
	title		= "Professional EJB",
	author		= "P G Sarang, Kyle Gabhart, Andre Tost",
	publisher	= "Wrox Press Inc.",
	ISBN		= "1-861-00508-3"
}

@book{BrownPYC,
	title		= "Introduction to Random Signals and Applied Kalman Filtering(Second Edition)",
	author		= "Brown, R. G., P. Y. C. Hwang",
	publisher	= "John Wiley and Sons Inc.",
	year		= 1992
}
