#
# (pdf)latex document_name(use "\ll" map key in vim with latex-suit)
# biblatex	 document_name(.aux)
# (pdf)latex document_name
# (pdf)latex document_name
#

@article{KEY_ARTICLE,
	title		= "TITLE",
	author		= "AUTHOR",
	publisher	= "PUBLISHER",
	year		= 9999,
	volume		= 99,
	number		= 9,
	pages		= "XX-XX"
}

@book{KEY_BOOK,
	title		= "TITLE",
	author		= "AUTHOR",
	publisher	= "PUBLISHER",
	ISBN		= "X-XXX-XXXXX-X",
	year		= 9999
}

@techreport{KEY_TECH_REPORT,
	title		= "TITLE",
	url			= "http://www.example.com/"
}

@manual{KEY_MANUAL,
	title		= "TITLE",
	author		= "AUTHOR",
	year		= 9999
}
